@inproceedings{also,
  title={Mirror-Prox Algorithm with Linear Convergence Rate and its Application for
Dynamic Loss Scaling},
  author={Beznosikov},
  journal={},
  year={2025},
}

@inproceedings{zhang2017understanding,
title	= {Understanding deep learning requires rethinking generalization},
author	= {Chiyuan Zhang and Samy Bengio and Moritz Hardt and Benjamin Recht and Oriol Vinyals},
booktitle = {ICLR},
year	= {2017},
URL	= {https://arxiv.org/abs/1611.03530}
}

@inproceedings{ren2018learning,
  author    = {Mengye Ren and Wenyuan Zeng and Bin Yang and Raquel Urtasun},
  title     = {Learning to reweight examples for robust deep learning},
  booktitle = {ICML},
  year      = {2018}
}

@inproceedings{bahri2020deepknn,
  author    = {Mahmoud Bahri and Charles Ollion and Ludovic Denoyer and Patrick Gallinari},
  title     = {Deep k-NN filtering for noisy labels},
  booktitle = {IEEE International Conference on Acoustics, Speech and Signal Processing (ICASSP)},
  year      = {2020}
}

@inproceedings{jiang2018mentornet,
  author    = {Lu Jiang and Zhengyuan Zhou and Thomas Leung and Li-Jia Li and Li Fei-Fei},
  title     = {MentorNet: Learning data-driven curriculum for very noisy supervision},
  booktitle = {ICML},
  year      = {2018}
}